@book{dawkins2006,
author = {Dawkins, Richard},
title = {The Selfish Gene},
year = {2006},
publisher = {Oxford University Press},
address = {New York, NY, USA},
edition = {3ra}
},

@book{shifman2014,
author = {Limor Shifman},
title = {Memes in Digital Culture},
year = {2014},
publisher = {MIT Press},
address = {Cambridge, MA, USA},
edition = {1ra}
},

@misc{website:smartinsights,
author = {Dave Chaffey},
howpublished = {electr\'onico},
title = {Global social media research summary 2016},
month = {diciembre},
year = {2016},
url = {http://www.smartinsights.com/social-media-marketing/social-media-strategy/new-global-social-media-research/}
},

@book{distin2005,
author = {Kate Distin},
title = {The Selfish Meme},
year = {2005},
publisher = {Cambridge University Press},
address = {New York, NY, USA},
edition = {1ra}
},

@book{russell2010,
author = {Stuart J. Russell and Peter Norvig},
title = {Artificial Intelligence: A Modern Approach},
year = {2010},
edition = {3ra},
address = {New Jersey, USA},
publisher = {Prentice Hall}
},

@misc{website:theasimovinstitute,
author = {Fjodor van Veen},
howpublished = {electr\'onico},
title = {THE NEURAL NETWORK ZOO},
month = {septiembre},
year = {2016},
url = {http://www.asimovinstitute.org/neural-network-zoo/}
},

@misc{chollet2015keras,
title={Keras},
author={Chollet, Fran\c{c}ois},
year={2015},
publisher={GitHub},
howpublished={\url{https://github.com/fchollet/keras}},
},

@book{haykin2009,
author = {Simon Haykin},
title = {Neural Networks and Learning Machines},
year = {2009},
edition = {3ra},
address = {New Jersey, USA},
publisher = {Prentice Hall}
},

@book{rojas1996,
author = {Ra√∫l Rojas},
title = {Neural Networks: A Systematic Introduction},
year = {1996},
edition = {1ra},
address = {Berlin, Deutschland},
publisher = {Springer-Verlag}
},

@misc{website:nature:scitable,
author = {Bradley Voytek},
howpublished = {electr\'onico},
title = {Brain Metrics: Are There Really as Many Neurons in the Human Brain as Stars in the Milky Way?},
month = {mayo},
year = {2013},
url = {http://www.nature.com/scitable/blog/brain-metrics/are_there_really_as_many}
},

@article{mcculloch:pitts,
author = {Warren S. McCulloch and Walter Pitts},
title = {A LOGICAL CALCULUS IN THE IDEAS IMMANENT IN NERVOUS ACTIVITY},
journal = {Bulletin of Mathematical Biophysics},
volume = {5},
pages= {115--133},
year = {1943}
}